@ARTICLE{892708, 
author={N. J. {Larsson} and A. {Moffat}}, 
journal={Proceedings of the IEEE}, 
title={Off-line dictionary-based compression}, 
year={2000}, 
volume={88}, 
number={11}, 
pages={1722-1732},
}

@phdthesis{wan2003browsing,
  title={Browsing and searching compressed documents},
  author={Wan, Raymond},
  year={2003}
}

@inproceedings{yoshida2013effective,
  title={Effective Variable-Length-to-Fixed-Length Coding via a Re-Pair Algorithm},
  author={Yoshida, Satoshi and Kida, Takuya},
  booktitle={2013 Data Compression Conference},
  pages={532--532},
  year={2013},
  organization={IEEE}
}

@inproceedings{furuya2019mr,
  title={MR-RePair: Grammar compression based on maximal repeats},
  author={Furuya, Isamu and Takagi, Takuya and Nakashima, Yuto and Inenaga, Shunsuke and Bannai, Hideo and Kida, Takuya},
  booktitle={2019 Data Compression Conference (DCC)},
  pages={508--517},
  year={2019},
  organization={IEEE}
}

@inproceedings{bille2017space,
  title={Space-efficient re-pair compression},
  author={Bille, Philip and G{\o}rtz, Inge Li and Prezza, Nicola},
  booktitle={2017 Data Compression Conference (DCC)},
  pages={171--180},
  year={2017},
  organization={IEEE}
}

@manual{deflate_spec,
  organization = {Aladdin Enterprises},
  title        = {DEFLATE Compressed Data Format Specification version 1.3},
  year         = 1996,
  month        = {May},
  number       = {rfc1951}
}

@article{LZ77,
  author   = {J. {Ziv} and A. {Lempel}},
  journal  = {IEEE Transactions on Information Theory},
  title    = {A universal algorithm for sequential data compression},
  year     = {1977},
  volume   = {23},
  number   = {3},
  pages    = {337-343},
  keywords = {Sequential coding;Source coding},
  doi      = {10.1109/TIT.1977.1055714},
  issn     = {0018-9448},
  month    = {May}
}

@online{lzma,
  author = {Igor Pavlov},
  title  = {7-zip, LZMA},
  year   = 2019,
  month  = 3,
  day    = 6,
  url    = {https://www.7-zip.org/sdk.html}
}

@online{bzip2,
  author = {Federico Mena},
  title  = {bzip2},
  year   = 2019,
  month  = 3,
  day    = 6,
  url    = {https://sourceware.org/bzip2/}
}